@ARTICLE {Article1,
    author  = "Jesser R. et al.",
    title   = "\href{https://www.tandfonline.com/doi/full/10.1080/15476286.2018.1447742}{\textcolor{blue}{Biochemical analysis of the Cas6-1 RNA endonuclease associated with the subtype I-D CRISPR-Cas system in Synechocystis sp. PCC 6803}}",
    journal = "RNA Biology",
    year    = "2018"
}
@ARTICLE {Article2,
    author  = "Bender J. et al.",
    title   = "\href{https://www.ncbi.nlm.nih.gov/pubmed/29803867}{\textcolor{blue}{Multiplexed antibody detection from blood sera by immobilization of in vitro expressed antigens and label-free readout via imaging reflectometric interferometry (iRIf).}}",
    journal = "Biosensors and Bioelectronics",
    year    = "2018"
}
@ARTICLE {Article3,
    author  = "Beal J. et al.",
    title   = "\href{http://journals.plos.org/plosone/article?id=10.1371/journal.pone.0150182}{\textcolor{blue}{Reproducibility of Fluorescent Expression from Engineered Biological Constructs in E. coli.}}",
    journal = "PLoS One",
    year    = "2016",
    note = "Contributor."
}
